<?xml version="1.0" encoding="UTF-8"?><collection xmlns="http://www.loc.gov/MARC21/slim"><record><leader>00503nam--2200193-i-4500</leader><controlfield tag="001">000013932</controlfield><controlfield tag="002">20161230</controlfield><controlfield tag="005">20161230201030</controlfield><controlfield tag="008">060222s1000------------r-----000-0-ger-d</controlfield><datafield ind1=" " ind2=" " tag="040"><subfield code="a">IFIN-HH</subfield></datafield><datafield ind1=" " ind2=" " tag="041"><subfield code="a">ger</subfield></datafield><datafield ind1=" " ind2=" " tag="080"><subfield code="a">539.12.047</subfield></datafield><datafield ind1="1" ind2=" " tag="100"><subfield code="a">Benes, Jaroslav</subfield></datafield><datafield ind1="1" ind2="0" tag="245"><subfield code="a">Radioaktive kontamination der biosphare</subfield><subfield code="c">Jaroslav benes</subfield></datafield><datafield ind1=" " ind2=" " tag="260"><subfield code="a">Jena</subfield><subfield code="b">Veb Gustav Fischer Verlag</subfield><subfield code="c">1981</subfield></datafield><datafield ind1=" " ind2=" " tag="300"><subfield code="a">206 P</subfield></datafield><datafield ind1=" " ind2=" " tag="490"><subfield code="a">Umweltfornchung</subfield></datafield><datafield ind1=" " ind2=" " tag="852"><subfield code="a">49317</subfield><subfield code="c">539.12.04</subfield></datafield><datafield ind1=" " ind2=" " tag="CAT"><subfield code="a">Sys</subfield><subfield code="c">20120210</subfield><subfield code="h">104636</subfield></datafield></record></collection>